% This file was created with JabRef 2.10.
% Encoding: Cp1252


@InProceedings{buntine1994operations,
  Title                    = {Operations for Learning with Graphical Models},
  Author                   = {Buntine, Wray L},
  Booktitle                = {Journal of Artificial Intelligence Research},
  Year                     = {1994},

  Owner                    = {Frank},
  Timestamp                = {2014.05.01}
}

@InProceedings{friedman1999learning,
  Title                    = {Learning probabilistic relational models},
  Author                   = {Friedman, Nir and Getoor, Lise and Koller, Daphne and Pfeffer, Avi},
  Booktitle                = {IJCAI},
  Year                     = {1999},
  Pages                    = {1300--1309},
  Volume                   = {99},

  Owner                    = {Frank},
  Timestamp                = {2014.05.01}
}

@Book{getoor2007introduction,
  Title                    = {Introduction to statistical relational learning},
  Author                   = {Getoor, Lise and Taskar, Ben},
  Publisher                = {MIT press},
  Year                     = {2007},

  Owner                    = {Frank},
  Timestamp                = {2014.05.01}
}

@Article{gilks1994language,
  Title                    = {A language and program for complex Bayesian modelling},
  Author                   = {Gilks, Wally R and Thomas, Andrew and Spiegelhalter, David J},
  Journal                  = {The Statistician},
  Year                     = {1994},
  Pages                    = {169--177},

  Owner                    = {Frank},
  Publisher                = {JSTOR},
  Timestamp                = {2014.05.01}
}

